@article{JMLR:v15:srivastava14a,
  author  = {Nitish Srivastava and Geoffrey Hinton and Alex Krizhevsky and Ilya Sutskever and Ruslan Salakhutdinov},
  title   = {Dropout: A Simple Way to Prevent Neural Networks from Overfitting},
  journal = {Journal of Machine Learning Research},
  year    = {2014},
  volume  = {15},
  pages   = {1929-1958},
  url     = {http://jmlr.org/papers/v15/srivastava14a.html},
  language = {spanish},
}

@article{DBLP:journals/corr/SzegedyLJSRAEVR14,
  author    = {Christian Szegedy and
               Wei Liu and
               Yangqing Jia and
               Pierre Sermanet and
               Scott E. Reed and
               Dragomir Anguelov and
               Dumitru Erhan and
               Vincent Vanhoucke and
               Andrew Rabinovich},
  title     = {Going Deeper with Convolutions},
  journal   = {CoRR},
  volume    = {abs/1409.4842},
  year      = {2014},
  url       = {http://arxiv.org/abs/1409.4842},
  timestamp = {Wed, 07 Jun 2017 14:40:42 +0200},
  biburl    = {http://dblp.uni-trier.de/rec/bib/journals/corr/SzegedyLJSRAEVR14},
  bibsource = {dblp computer science bibliography, http://dblp.org},
  language = {spanish},
}

@misc{ciscostats,
      title = {The Zettabyte Eraâ€”Trends and Analysis},
      date = {2016},
      url = {http://www.cisco.com/c/en/us/solutions/collateral/service-provider/visual-networking-index-vni/VNI_Hyperconnectivity_WP.html},
      key = {Cisco},
      language = {spanish},
      note  = {Visitada en 2016-01-16},
}

@misc{instastats,
      title = "Press Page - Instagram",
      url = {https://www.instagram.com/press/?hl=en},
      key = "Instagram",
      note = {Visitada en 2016-01-19},
      language = {spanish},
}

@misc{youtustats,
      title = "Youtube Statistics",
      url = {https://www.youtube.com/yt/press/statistics.html},
      note = {Visitada en 2016-01-19},
      key = "Youtube",
      language = {spanish},
}


@book{Szeliski:2010:CVA:1941882,
 author = {Szeliski, Richard},
 title = {Computer Vision: Algorithms and Applications},
 year = {2010},
 isbn = {1848829345, 9781848829343},
 edition = {1st},
 publisher = {Springer-Verlag New York, Inc.},
 address = {New York, NY, USA},
 language = {spanish},
} 


@inproceedings{Lowe:1999:ORL:850924.851523,
 author = {Lowe, David G.},
 title = {Object Recognition from Local Scale-Invariant Features},
 booktitle = {Proceedings of the International Conference on Computer Vision-Volume 2 - Volume 2},
 series = {ICCV '99},
 year = {1999},
 isbn = {0-7695-0164-8},
 pages = {1150--},
 url = {http://dl.acm.org/citation.cfm?id=850924.851523},
 acmid = {851523},
 publisher = {IEEE Computer Society},
 address = {Washington, DC, USA},
 language = {spanish},
} 


@misc{imagenet,
      title = "ImageNet",
      url = {http://image-net.org/index},
      note = {Visitada en 2016-01-24},
      key = "ImageNet",
      language = {spanish},
}


@ARTICLE{Rosenblatt58theperceptron:,
    author = {F. Rosenblatt},
    title = {The Perceptron: A Probabilistic Model for Information Storage and Organization in The Brain},
    journal = {Psychological Review},
    year = {1958},
    pages = {65--386},
    language = {spanish},
}

@article{mycielski1972,
author = "Mycielski, Jan",
fjournal = "Bulletin of the American Mathematical Society",
journal = "Bull. Amer. Math. Soc.",
month = "01",
number = "1",
pages = "12--15",
publisher = "American Mathematical Society",
title = "Review: Marvin Minsky and Seymour Papert, Perceptrons, An Introduction to Computational Geometry",
url = "https://projecteuclid.org/euclid.bams/1183533389",
volume = "78",
year = "1972",
language = {spanish},
}

@article{DBLP:journals/corr/AgrawalCM15,
  author    = {Pulkit Agrawal and
               Jo{\~{a}}o Carreira and
               Jitendra Malik},
  title     = {Learning to See by Moving},
  journal   = {CoRR},
  volume    = {abs/1505.01596},
  year      = {2015},
  url       = {http://arxiv.org/abs/1505.01596},
  language = {spanish},
  timestamp = {Wed, 07 Jun 2017 14:40:26 +0200},
  biburl    = {http://dblp.uni-trier.de/rec/bib/journals/corr/AgrawalCM15},
  bibsource = {dblp computer science bibliography, http://dblp.org}
}



@InProceedings{pmlr-v28-goodfellow13,
  title = 	 {Maxout Networks},
  author = 	 {Ian Goodfellow and David Warde-Farley and Mehdi Mirza and Aaron Courville and Yoshua Bengio},
  booktitle = 	 {Proceedings of the 30th International Conference on Machine Learning},
  pages = 	 {1319--1327},
  year = 	 {2013},
  editor = 	 {Sanjoy Dasgupta and David McAllester},
  volume = 	 {28},
  series = 	 {Proceedings of Machine Learning Research},
  address = 	 {Atlanta, Georgia, USA},
  month = 	 {17--19 Jun},
  publisher = 	 {PMLR},
  pdf = 	 {http://proceedings.mlr.press/v28/goodfellow13.pdf},
  url = 	 {http://proceedings.mlr.press/v28/goodfellow13.html},
  language = {spanish},
}


@article{Cheng:2015:DNN:2827035.2827188,
 author = {Cheng, Jian and Chen, Xin and Metallinou, Angeliki},
 title = {Deep Neural Network Acoustic Models for Spoken Assessment Applications},
 journal = {Speech Commun.},
 issue_date = {October 2015},
 volume = {73},
 number = {C},
 month = oct,
 year = {2015},
 issn = {0167-6393},
 pages = {14--27},
 numpages = {14},
 url = {http://dx.doi.org/10.1016/j.specom.2015.07.006},
 doi = {10.1016/j.specom.2015.07.006},
 acmid = {2827188},
 publisher = {Elsevier Science Publishers B. V.},
 address = {Amsterdam, The Netherlands, The Netherlands},
 keywords = {Acoustic modeling, Deep neural networks, Language learning, Language proficiency assessment, Speech technology for education},
 language = {spanish},
} 

@inproceedings {lecun-01a,
original =      "orig/lecun-01a.ps.gz",
author = 	"LeCun, Y. and Bottou, L. and Bengio, Y. and Haffner, P.",
title = 	"Gradient-Based Learning Applied to Document Recognition",
booktitle =     "Intelligent Signal Processing",
editors =       "Haykin, S. and Kosko, B.",
pages =         "306-351",
publisher =     "IEEE Press",
year =		2001,
language = {spanish},
}

@article{DBLP:journals/corr/ZeilerF13,
  author    = {Matthew D. Zeiler and
               Rob Fergus},
  title     = {Visualizing and Understanding Convolutional Networks},
  journal   = {CoRR},
  volume    = {abs/1311.2901},
  year      = {2013},
  url       = {http://arxiv.org/abs/1311.2901},
  timestamp = {Wed, 07 Jun 2017 14:40:45 +0200},
  biburl    = {http://dblp.uni-trier.de/rec/bib/journals/corr/ZeilerF13},
  bibsource = {dblp computer science bibliography, http://dblp.org},
  language = {spanish},
}

@article{DBLP:journals/corr/SimonyanZ14a,
  author    = {Karen Simonyan and
               Andrew Zisserman},
  title     = {Very Deep Convolutional Networks for Large-Scale Image Recognition},
  journal   = {CoRR},
  volume    = {abs/1409.1556},
  year      = {2014},
  url       = {http://arxiv.org/abs/1409.1556},
  timestamp = {Wed, 07 Jun 2017 14:41:51 +0200},
  biburl    = {http://dblp.uni-trier.de/rec/bib/journals/corr/SimonyanZ14a},
  bibsource = {dblp computer science bibliography, http://dblp.org},
  language = {spanish},
}

@article{DBLP:journals/corr/HeZRS15,
  author    = {Kaiming He and
               Xiangyu Zhang and
               Shaoqing Ren and
               Jian Sun},
  title     = {Deep Residual Learning for Image Recognition},
  journal   = {CoRR},
  volume    = {abs/1512.03385},
  year      = {2015},
  url       = {http://arxiv.org/abs/1512.03385},
  timestamp = {Wed, 07 Jun 2017 14:41:17 +0200},
  biburl    = {http://dblp.uni-trier.de/rec/bib/journals/corr/HeZRS15},
  bibsource = {dblp computer science bibliography, http://dblp.org},
  language = {spanish},
}

@inproceedings{Koch2015SiameseNN,
  added-at = {2017-03-27T16:51:39.000+0200},
  author = {Koch, Gregory and Zemel, Richard and Salakhutdinov, Ruslan},
  biburl = {https://www.bibsonomy.org/bibtex/26f83b8c4cf316e77e6f6ce1e97411b30/bsc},
  interhash = {a2596c72ef39240b7c4f86e6038d9344},
  intrahash = {6f83b8c4cf316e77e6f6ce1e97411b30},
  keywords = {neural-networks one-shot-learning},
  timestamp = {2017-03-27T16:51:39.000+0200},
  title = {Siamese Neural Networks for One-shot Image Recognition},
  booktitle = {ICML Deep Learning workshop},
  year = 2015,
  language = {spanish},
}


@inproceedings{Chopra:2005:LSM:1068507.1068961,
 author = {Chopra, Sumit and Hadsell, Raia and LeCun, Yann},
 title = {Learning a Similarity Metric Discriminatively, with Application to Face Verification},
 booktitle = {Proceedings of the 2005 IEEE Computer Society Conference on Computer Vision and Pattern Recognition (CVPR'05) - Volume 1 - Volume 01},
 series = {CVPR '05},
 year = {2005},
 isbn = {0-7695-2372-2},
 pages = {539--546},
 numpages = {8},
 url = {http://dx.doi.org/10.1109/CVPR.2005.202},
 doi = {10.1109/CVPR.2005.202},
 acmid = {1068961},
 publisher = {IEEE Computer Society},
 address = {Washington, DC, USA},
 language = {spanish},
} 


@inproceedings{Bromley:1993:SVU:2987189.2987282,
 author = {Bromley, Jane and Guyon, Isabelle and LeCun, Yann and S\"{a}ckinger, Eduard and Shah, Roopak},
 title = {Signature Verification Using a "Siamese" Time Delay Neural Network},
 booktitle = {Proceedings of the 6th International Conference on Neural Information Processing Systems},
 series = {NIPS'93},
 year = {1993},
 location = {Denver, Colorado},
 pages = {737--744},
 numpages = {8},
 url = {http://dl.acm.org/citation.cfm?id=2987189.2987282},
 acmid = {2987282},
 publisher = {Morgan Kaufmann Publishers Inc.},
 address = {San Francisco, CA, USA},
 language = {spanish},
}


@Inbook{Arrieta2009,
    author="Arrieta, Ang{\'e}lica Gonz{\'a}lez
    and Estrada, Griselda Cobos
    and Romero, Luis Alonso
    and Lancho, {\'A}ngel Luis S{\'a}nchez L{\'a}zaro y. Bel{\'e}n P{\'e}rez",
    title="Neural Networks Applied to Fingerprint Recognition",
    bookTitle="Distributed Computing, Artificial Intelligence, Bioinformatics, Soft Computing, and Ambient Assisted Living: 10th International Work-Conference on Artificial Neural Networks, IWANN 2009 Workshops, Salamanca, Spain, June 10-12, 2009. Proceedings, Part II",
    year="2009",
    publisher="Springer Berlin Heidelberg",
    address="Berlin, Heidelberg",
    pages="621--625",
    isbn="978-3-642-02481-8",
    doi="10.1007/978-3-642-02481-8_91",
    url="https://doi.org/10.1007/978-3-642-02481-8_91",
    language = {spanish},
}


@misc{mnist,
      title = "The MNIST database of handwritten digits",
      url = {http://yann.lecun.com/exdb/mnist/},
      note = {Visitada 2016-05-25},
      key = "MNIST",
      language = {spanish},
}

@misc{github,
      author  = {Torti LÃ³pez, RubÃ©n Ezequiel},
      title = {Entrenamiento de modelos de aprendizaje profundo mediante autosupervisiÃ³n},
      url = {https://github.com/ezetl/deep-learning-techniques-thesis},
      note = {Visitada 2017-08},
      language = {spanish},
}

@inproceedings{Geiger:2012:WRA:2354409.2354978,
 author = {Geiger, Andreas},
 title = {Are We Ready for Autonomous Driving? The KITTI Vision Benchmark Suite},
 booktitle = {Proceedings of the 2012 IEEE Conference on Computer Vision and Pattern Recognition (CVPR)},
 series = {CVPR '12},
 year = {2012},
 isbn = {978-1-4673-1226-4},
 pages = {3354--3361},
 numpages = {8},
 url = {http://dl.acm.org/citation.cfm?id=2354409.2354978},
 acmid = {2354978},
 publisher = {IEEE Computer Society},
 address = {Washington, DC, USA},
 keywords = {Benchmark testing,Cameras,Optical imaging,Visualization,Optical sensors,Measurement},
 language = {spanish},
} 

@misc{SF,
      title = "ICMLA 2011 StreetView Recognition Challenge",
      url = {http://www.icmla-conference.org/icmla11/challenge.htm},
      note = {Visitada 2016-05-25},
      key = "SF",
      language = {spanish},
}

@inproceedings{Krizhevsky:2012:ICD:2999134.2999257,
 author = {Krizhevsky, Alex and Sutskever, Ilya and Hinton, Geoffrey E.},
 title = {ImageNet Classification with Deep Convolutional Neural Networks},
 booktitle = {Proceedings of the 25th International Conference on Neural Information Processing Systems},
 series = {NIPS'12},
 year = {2012},
 location = {Lake Tahoe, Nevada},
 pages = {1097--1105},
 numpages = {9},
 url = {http://dl.acm.org/citation.cfm?id=2999134.2999257},
 acmid = {2999257},
 publisher = {Curran Associates Inc.},
 address = {USA},
 language = {spanish},
} 

@article{Xiao:2016:SDE:2963034.2963064,
 author = {Xiao, Jianxiong and Ehinger, Krista A. and Hays, James and Torralba, Antonio and Oliva, Aude},
 title = {SUN Database: Exploring a Large Collection of Scene Categories},
 journal = {Int. J. Comput. Vision},
 issue_date = {August    2016},
 volume = {119},
 number = {1},
 month = aug,
 year = {2016},
 issn = {0920-5691},
 pages = {3--22},
 numpages = {20},
 url = {http://dx.doi.org/10.1007/s11263-014-0748-y},
 doi = {10.1007/s11263-014-0748-y},
 acmid = {2963064},
 publisher = {Kluwer Academic Publishers},
 address = {Hingham, MA, USA},
 keywords = {Scene and object, Scene descriptor, Scene detection, Scene recognition, Scene typicality, Visual context},
 language = {spanish},
} 


@techreport{Osuna:1997:SVM:889148,
 author = {Osuna, Edgar and Freund, Robert and Girosi, Federico},
 title = {Support Vector Machines: Training and Applications},
 year = {1997},
 source = {http://www.ncstrl.org:8900/ncstrl/servlet/search?formname=detail\&id=oai%3Ancstrlh%3Amitai%3AMIT-AILab%2F%2FAIM-1602},
 publisher = {Massachusetts Institute of Technology},
 institution = {Massachusetts Institute of Technology},
 address = {Cambridge, MA, USA},
 language = {spanish},
} 

@inproceedings{Rublee:2011:OEA:2355573.2356268,
 author = {Rublee, Ethan and Rabaud, Vincent and Konolige, Kurt and Bradski, Gary},
 title = {ORB: An Efficient Alternative to SIFT or SURF},
 booktitle = {Proceedings of the 2011 International Conference on Computer Vision},
 series = {ICCV '11},
 year = {2011},
 isbn = {978-1-4577-1101-5},
 pages = {2564--2571},
 numpages = {8},
 url = {http://dx.doi.org/10.1109/ICCV.2011.6126544},
 doi = {10.1109/ICCV.2011.6126544},
 acmid = {2356268},
 publisher = {IEEE Computer Society},
 address = {Washington, DC, USA},
 language = {spanish},
} 


@inproceedings{Ortiz:2012:FFR:2354409.2354903,
 author = {Ortiz, Raphael},
 title = {FREAK: Fast Retina Keypoint},
 booktitle = {Proceedings of the 2012 IEEE Conference on Computer Vision and Pattern Recognition (CVPR)},
 series = {CVPR '12},
 year = {2012},
 isbn = {978-1-4673-1226-4},
 pages = {510--517},
 numpages = {8},
 url = {http://dl.acm.org/citation.cfm?id=2354409.2354903},
 acmid = {2354903},
 publisher = {IEEE Computer Society},
 address = {Washington, DC, USA},
 keywords = {Retina,Robustness,Humans,Detectors,Vectors,Kernel,Noise},
 language = {spanish},
}


@article{Bay:2008:SRF:1370312.1370556,
    author = {Bay, Herbert and Ess, Andreas and Tuytelaars, Tinne and Van Gool, Luc},
    title = {Speeded-Up Robust Features (SURF)},
    journal = {Comput. Vis. Image Underst.},
    issue_date = {June, 2008},
    volume = {110},
    number = {3},
    month = jun,
    year = {2008},
    issn = {1077-3142},
    pages = {346--359},
    numpages = {14},
    url = {http://dx.doi.org/10.1016/j.cviu.2007.09.014},
    doi = {10.1016/j.cviu.2007.09.014},
    acmid = {1370556},
    publisher = {Elsevier Science Inc.},
    language = {spanish},
    address = {New York, NY, USA},
    keywords = {Camera calibration, Feature description, Interest points, Local features, Object recognition},
}

@inproceedings{Dalal:2005:HOG:1068507.1069007,
 author = {Dalal, Navneet and Triggs, Bill},
 title = {Histograms of Oriented Gradients for Human Detection},
 booktitle = {Proceedings of the 2005 IEEE Computer Society Conference on Computer Vision and Pattern Recognition (CVPR'05) - Volume 1 - Volume 01},
 series = {CVPR '05},
 year = {2005},
 isbn = {0-7695-2372-2},
 pages = {886--893},
 numpages = {8},
 url = {http://dx.doi.org/10.1109/CVPR.2005.177},
 doi = {10.1109/CVPR.2005.177},
 acmid = {1069007},
 publisher = {IEEE Computer Society},
 language = {spanish},
 address = {Washington, DC, USA},
}

@article{Park:2013:CIR:2517500.2517507,
 author = {Park, YoungJae and Park, KeeHong and Kim, GyeYoung},
 title = {Content-based Image Retrieval Using Colour and Shape Features},
 journal = {Int. J. Comput. Appl. Technol.},
 issue_date = {August 2013},
 volume = {48},
 number = {2},
 month = aug,
 year = {2013},
 issn = {0952-8091},
 pages = {155--161},
 numpages = {7},
 url = {http://dx.doi.org/10.1504/IJCAT.2013.056023},
 doi = {10.1504/IJCAT.2013.056023},
 acmid = {2517507},
 publisher = {Inderscience Publishers},
 address = {Inderscience Publishers, Geneva, SWITZERLAND},
 language = {spanish},
}

@article{Flickner:1995:QIV:619001.620306,
 author = {Flickner, Myron and Sawhney, Harpreet and Niblack, Wayne and Ashley, Jonathan and Huang, Qian and Dom, Byron and Gorkani, Monika and Hafner, Jim and Lee, Denis and Petkovic, Dragutin and Steele, David and Yanker, Peter},
 title = {Query by Image and Video Content: The QBIC System},
 journal = {Computer},
 issue_date = {September 1995},
 volume = {28},
 number = {9},
 month = sep,
 year = {1995},
 issn = {0018-9162},
 pages = {23--32},
 numpages = {10},
 url = {https://doi.org/10.1109/2.410146},
 doi = {10.1109/2.410146},
 acmid = {620306},
 publisher = {IEEE Computer Society Press},
 address = {Los Alamitos, CA, USA},
 language = {spanish},
}

@inproceedings{Pass:1996:HRC:524178.836717,
 author = {Pass, G. and Zabih, R.},
 title = {Histogram Refinement for Content-based Image Retrieval},
 booktitle = {Proceedings of the 3rd IEEE Workshop on Applications of Computer Vision (WACV '96)},
 series = {WACV '96},
 year = {1996},
 isbn = {0-8186-7620-5},
 pages = {96--},
 url = {http://dl.acm.org/citation.cfm?id=524178.836717},
 acmid = {836717},
 publisher = {IEEE Computer Society},
 address = {Washington, DC, USA},
 keywords = {color coherence vector, content-based image retrieval, histogram refinement, image processing, spatial coherence},
 language = {spanish},
}

@inproceedings{Huang:1997:IIU:794189.794514,
 author = {Huang, Jing and Kumar, S. Ravi and Mitra, Mandar and Zhu, Wei-Jing and Zabih, Ramin},
 title = {Image Indexing Using Color Correlograms},
 booktitle = {Proceedings of the 1997 Conference on Computer Vision and Pattern Recognition (CVPR '97)},
 series = {CVPR '97},
 year = {1997},
 isbn = {0-8186-7822-4},
 pages = {762--},
 url = {http://dl.acm.org/citation.cfm?id=794189.794514},
 acmid = {794514},
 publisher = {IEEE Computer Society},
 address = {Washington, DC, USA},
 keywords = {content-based image retrieval, image indexing, color histograms, correlograms},
 language = {spanish},
}

@article{Manjunath:1996:TFB:236262.236272,
 author = {Manjunath, B. S. and Ma, W. Y.},
 title = {Texture Features for Browsing and Retrieval of Image Data},
 journal = {IEEE Trans. Pattern Anal. Mach. Intell.},
 issue_date = {August 1996},
 volume = {18},
 number = {8},
 month = aug,
 year = {1996},
 issn = {0162-8828},
 pages = {837--842},
 numpages = {6},
 url = {http://dx.doi.org/10.1109/34.531803},
 doi = {10.1109/34.531803},
 acmid = {236272},
 publisher = {IEEE Computer Society},
 address = {Washington, DC, USA},
 keywords = {Digital libraries, image database, content-based image retrieval, texture analysis, Gabor wavelets.},
 language = {spanish},
}

@article{Grigorescu:2002:CTF:2319013.2320324,
 author = {Grigorescu, S. E. and Petkov, N. and Kruizinga, P.},
 title = {Comparison of Texture Features Based on Gabor Filters},
 journal = {Trans. Img. Proc.},
 issue_date = {October 2002},
 volume = {11},
 number = {10},
 month = oct,
 year = {2002},
 issn = {1057-7149},
 pages = {1160--1167},
 numpages = {8},
 url = {http://dx.doi.org/10.1109/TIP.2002.80426},
 doi = {10.1109/TIP.2002.804262},
 acmid = {2320324},
 publisher = {IEEE Press},
 address = {Piscataway, NJ, USA},
 language = {spanish},
}

@InProceedings{DMWG09,
  author       = "Dumont, Marie and Mar\'ee, Rapha{\"e}l and Wehenkel, Louis and Geurts, Pierre",
  title        = "Fast Multi-Class Image Annotation with Random Subwindows and Multiple Output Randomized Trees",
  booktitle    = "Proc. International Conference on Computer Vision Theory and Applications (VISAPP)",
  volume       = "2",
  pages        = "196-203",
  month        = "feb",
  year         = "2009",
  organization = "INSTICC",
  url          = "http://www.montefiore.ulg.ac.be/services/stochastic/pubs/2009/DMWG09",
  language = {spanish},
}

@INPROCEEDINGS{Csurka04visualcategorization,
    author = {Gabriella Csurka and Christopher R. Dance and Lixin Fan and Jutta Willamowski and CÃ©dric Bray},
    title = {Visual categorization with bags of keypoints},
    booktitle = {In Workshop on Statistical Learning in Computer Vision, ECCV},
    year = {2004},
    language = {spanish},
    pages = {1--22},
}

@inproceedings{Taigman:2014:DCG:2679600.2680208,
 author = {Taigman, Yaniv and Yang, Ming and Ranzato, Marc'Aurelio and Wolf, Lior},
 title = {DeepFace: Closing the Gap to Human-Level Performance in Face Verification},
 booktitle = {Proceedings of the 2014 IEEE Conference on Computer Vision and Pattern Recognition},
 series = {CVPR '14},
 year = {2014},
 isbn = {978-1-4799-5118-5},
 pages = {1701--1708},
 numpages = {8},
 url = {http://dx.doi.org/10.1109/CVPR.2014.220},
 doi = {10.1109/CVPR.2014.220},
 acmid = {2680208},
 publisher = {IEEE Computer Society},
 address = {Washington, DC, USA},
 language = {spanish},
} 


@article{DBLP:journals/corr/abs-1012-1367,
  author    = {Ofer Dekel and
               Ran Gilad{-}Bachrach and
               Ohad Shamir and
               Lin Xiao},
  title     = {Optimal Distributed Online Prediction using Mini-Batches},
  journal   = {CoRR},
  volume    = {abs/1012.1367},
  year      = {2010},
  url       = {http://arxiv.org/abs/1012.1367},
  language = {spanish},
  timestamp = {Wed, 07 Jun 2017 14:43:02 +0200},
  biburl    = {http://dblp.uni-trier.de/rec/bib/journals/corr/abs-1012-1367},
  bibsource = {dblp computer science bibliography, http://dblp.org},
}

@inproceedings{Han:1995:ISF:646366.689307,
 author = {Han, Jun and Moraga, Claudio},
 title = {The Influence of the Sigmoid Function Parameters on the Speed of Backpropagation Learning},
 booktitle = {Proceedings of the International Workshop on Artificial Neural Networks: From Natural to Artificial Neural Computation},
 series = {IWANN '96},
 year = {1995},
 isbn = {3-540-59497-3},
 pages = {195--201},
 numpages = {7},
 url = {http://dl.acm.org/citation.cfm?id=646366.689307},
 acmid = {689307},
 publisher = {Springer-Verlag},
 address = {London, UK, UK},
 language = {spanish},
} 

@article{DBLP:journals/corr/HuangLW16a,
  author    = {Gao Huang and
               Zhuang Liu and
               Kilian Q. Weinberger},
  title     = {Densely Connected Convolutional Networks},
  journal   = {CoRR},
  volume    = {abs/1608.06993},
  year      = {2016},
  url       = {http://arxiv.org/abs/1608.06993},
  timestamp = {Wed, 07 Jun 2017 14:42:40 +0200},
  biburl    = {http://dblp.uni-trier.de/rec/bib/journals/corr/HuangLW16a},
  bibsource = {dblp computer science bibliography, http://dblp.org},
  language = {spanish},
}

@article{DBLP:journals/corr/MnihKSGAWR13,
  author    = {Volodymyr Mnih and
               Koray Kavukcuoglu and
               David Silver and
               Alex Graves and
               Ioannis Antonoglou and
               Daan Wierstra and
               Martin A. Riedmiller},
  title     = {Playing Atari with Deep Reinforcement Learning},
  journal   = {CoRR},
  volume    = {abs/1312.5602},
  year      = {2013},
  url       = {http://arxiv.org/abs/1312.5602},
  timestamp = {Wed, 07 Jun 2017 14:43:06 +0200},
  biburl    = {http://dblp.uni-trier.de/rec/bib/journals/corr/MnihKSGAWR13},
  bibsource = {dblp computer science bibliography, http://dblp.org},
  language = {spanish},
}


@article{DBLP:journals/corr/Shalev-ShwartzS16a,
  author    = {Shai Shalev{-}Shwartz and
               Shaked Shammah and
               Amnon Shashua},
  title     = {Safe, Multi-Agent, Reinforcement Learning for Autonomous Driving},
  journal   = {CoRR},
  volume    = {abs/1610.03295},
  year      = {2016},
  url       = {http://arxiv.org/abs/1610.03295},
  timestamp = {Wed, 07 Jun 2017 14:40:12 +0200},
  biburl    = {http://dblp.uni-trier.de/rec/bib/journals/corr/Shalev-ShwartzS16a},
  bibsource = {dblp computer science bibliography, http://dblp.org},
  language = {spanish},
}

@article{DBLP:journals/corr/LinMBHPRDZ14,
  author    = {Tsung{-}Yi Lin and
               Michael Maire and
               Serge J. Belongie and
               Lubomir D. Bourdev and
               Ross B. Girshick and
               James Hays and
               Pietro Perona and
               Deva Ramanan and
               Piotr Doll{\'{a}}r and
               C. Lawrence Zitnick},
  title     = {Microsoft {COCO:} Common Objects in Context},
  journal   = {CoRR},
  volume    = {abs/1405.0312},
  year      = {2014},
  url       = {http://arxiv.org/abs/1405.0312},
  timestamp = {Wed, 07 Jun 2017 14:41:35 +0200},
  biburl    = {http://dblp.uni-trier.de/rec/bib/journals/corr/LinMBHPRDZ14},
  bibsource = {dblp computer science bibliography, http://dblp.org},
  language = {spanish},
}

@article{Bell:2015:LVS:2809654.2766959,
 author = {Bell, Sean and Bala, Kavita},
 title = {Learning Visual Similarity for Product Design with Convolutional Neural Networks},
 journal = {ACM Trans. Graph.},
 issue_date = {August 2015},
 volume = {34},
 number = {4},
 language = {spanish},
 month = jul,
 year = {2015},
 issn = {0730-0301},
 pages = {98:1--98:10},
 articleno = {98},
 numpages = {10},
 url = {http://doi.acm.org/10.1145/2766959},
 doi = {10.1145/2766959},
 acmid = {2766959},
 publisher = {ACM},
 address = {New York, NY, USA},
 keywords = {deep learning, interior design, search, visual similarity},
}

@article{HintonSalakhutdinov2006b,
   added-at = {2008-07-15T10:05:18.000+0200},
  author = {Hinton, G E and Salakhutdinov, R R},
  biburl = {https://www.bibsonomy.org/bibtex/2135bbce97b449ddf5fca7be88102b53c/tmalsburg},
  description = {Reducing the dimensionality of data with neural ne...[Science. 2006] - PubMed Result},
  doi = {10.1126/science.1127647},
  interhash = {019918b82518b74f443a22dc58a0117f},
  intrahash = {135bbce97b449ddf5fca7be88102b53c},
  journal = {Science},
  keywords = {dimensionalityreduction neuralnetworks parameterestimation},
  month = Jul,
  number = 5786,
  pages = {504-507},
  pmid = {16873662},
  timestamp = {2008-07-15T10:05:18.000+0200},
  title = {Reducing the dimensionality of data with neural networks},
  url = {http://www.ncbi.nlm.nih.gov/sites/entrez?db=pubmed&uid=16873662&cmd=showdetailview&indexed=google},
  volume = 313,
  year = 2006,
  language = {spanish},
}

@inproceedings{Vincent:2008:ECR:1390156.1390294,
 author = {Vincent, Pascal and Larochelle, Hugo and Bengio, Yoshua and Manzagol, Pierre-Antoine},
 title = {Extracting and Composing Robust Features with Denoising Autoencoders},
 booktitle = {Proceedings of the 25th International Conference on Machine Learning},
 series = {ICML '08},
 year = {2008},
 isbn = {978-1-60558-205-4},
 location = {Helsinki, Finland},
 pages = {1096--1103},
 numpages = {8},
 url = {http://doi.acm.org/10.1145/1390156.1390294},
 doi = {10.1145/1390156.1390294},
 acmid = {1390294},
 publisher = {ACM},
 address = {New York, NY, USA},
 language = {spanish},
}

@article{DBLP:journals/corr/MisraZH16,
  author    = {Ishan Misra and
               C. Lawrence Zitnick and
               Martial Hebert},
  title     = {Unsupervised Learning using Sequential Verification for Action Recognition},
  journal   = {CoRR},
  volume    = {abs/1603.08561},
  year      = {2016},
  url       = {http://arxiv.org/abs/1603.08561},
  timestamp = {Wed, 07 Jun 2017 14:40:16 +0200},
  biburl    = {http://dblp.uni-trier.de/rec/bib/journals/corr/MisraZH16},
  bibsource = {dblp computer science bibliography, http://dblp.org},
  language = {spanish},
}

@article{DBLP:journals/corr/NorooziF16,
  author    = {Mehdi Noroozi and
               Paolo Favaro},
  title     = {Unsupervised Learning of Visual Representations by Solving Jigsaw
               Puzzles},
  journal   = {CoRR},
  volume    = {abs/1603.09246},
  year      = {2016},
  url       = {http://arxiv.org/abs/1603.09246},
  timestamp = {Wed, 07 Jun 2017 14:40:45 +0200},
  biburl    = {http://dblp.uni-trier.de/rec/bib/journals/corr/NorooziF16},
  bibsource = {dblp computer science bibliography, http://dblp.org},
  language = {spanish},
}

@article{DBLP:journals/corr/LarssonMS16,
  author    = {Gustav Larsson and
               Michael Maire and
               Gregory Shakhnarovich},
  title     = {Learning Representations for Automatic Colorization},
  journal   = {CoRR},
  volume    = {abs/1603.06668},
  year      = {2016},
  url       = {http://arxiv.org/abs/1603.06668},
  timestamp = {Wed, 07 Jun 2017 14:41:06 +0200},
  biburl    = {http://dblp.uni-trier.de/rec/bib/journals/corr/LarssonMS16},
  bibsource = {dblp computer science bibliography, http://dblp.org},
  language = {spanish},
}

@article{DBLP:journals/corr/Owens0MFT16,
  author    = {Andrew Owens and
               Jiajun Wu and
               Josh H. McDermott and
               William T. Freeman and
               Antonio Torralba},
  title     = {Ambient Sound Provides Supervision for Visual Learning},
  journal   = {CoRR},
  volume    = {abs/1608.07017},
  year      = {2016},
  url       = {http://arxiv.org/abs/1608.07017},
  timestamp = {Wed, 12 Jul 2017 09:11:26 +0200},
  biburl    = {http://dblp.uni-trier.de/rec/bib/journals/corr/Owens0MFT16},
  bibsource = {dblp computer science bibliography, http://dblp.org},
  language = {spanish},
}

@article{DBLP:journals/corr/YosinskiCBL14,
  author    = {Jason Yosinski and
               Jeff Clune and
               Yoshua Bengio and
               Hod Lipson},
  title     = {How transferable are features in deep neural networks?},
  journal   = {CoRR},
  volume    = {abs/1411.1792},
  year      = {2014},
  url       = {http://arxiv.org/abs/1411.1792},
  timestamp = {Wed, 07 Jun 2017 14:40:45 +0200},
  biburl    = {http://dblp.uni-trier.de/rec/bib/journals/corr/YosinskiCBL14},
  bibsource = {dblp computer science bibliography, http://dblp.org},
  language = {spanish},
}

