@article{csacsmv,
    author    = "Ling, Robert F.",
    title     = "Comparison of Several Algorithms for Computing Sample Means and Variance",
    journal   = "Journal of the American Statistical Association",
    volume   = "69",
    number   = "348",
    pages    = "859-866",
    year      = "1974",
}

@conference{previous,
    author    = "Martin Quinson and Cristian Rosa and Christophe Thiery",
    title     = "Parallel Simulation of Peer-to-Peer Systems",
    booktitle = "CCGrid 2012 - The 12th IEEE/ACM International Symposium on Cluster, Cloud and Grid Computing",
    pages    = "668-675",
    address  = "Ottawa, Canada",
    year     = "2012",
    month    = "May",
    publisher= "IEEE",
}





@misc{ciscostats,
      title = "The Zettabyte Eraâ€”Trends and Analysis",
      note = {\url{http://www.cisco.com/c/en/us/solutions/collateral/service-provider/visual-networking-index-vni/VNI_Hyperconnectivity_WP.html}},
}

@misc{instastats,
      title = "Press Page - Instagram",
      note = {\url{https://www.instagram.com/press/?hl=en}},
}

@misc{youtustats,
      title = "Youtube Statistics",
      note = {\url{https://www.youtube.com/yt/press/statistics.html}},
}

@book{szeliski,
      author = "Szeliski, Richard",
      publisher = "Springer",
      series = "Texts in Computer Science",
      title = "Computer Vision: Algorithms and Applications",
      year = 2011,
}

@book{shai,
      author = "Shai Shalev-Shwartz, Shai Ben-David",
      publisher = "Cambridge University Press",
      title = "Understanding Machine Learning: From Theory to Algorithms",
      year = 2014,
}
